<record><leader>00000cas a22000007a 4500</leader><controlfield tag="001">13842869</controlfield><controlfield tag="008">860709d19231926pauwr ne      0    0eng d</controlfield><datafield ind1=" " ind2=" " tag="010"><subfield code="a">sn 86081681 </subfield></datafield><datafield ind1=" " ind2=" " tag="040"><subfield code="a">NPH</subfield><subfield code="b">eng</subfield><subfield code="c">NPH</subfield><subfield code="d">OCLCQ</subfield></datafield><datafield ind1=" " ind2=" " tag="042"><subfield code="a">msc</subfield></datafield><datafield ind1="0" ind2="4" tag="245"><subfield code="a">The Scottdale news-observer.</subfield></datafield><datafield ind1=" " ind2=" " tag="260"><subfield code="a">Scottdale, Pa. :</subfield><subfield code="b">Art Print Shop,</subfield><subfield code="c">1923-1926.</subfield></datafield><datafield ind1=" " ind2=" " tag="300"><subfield code="a">v. :</subfield><subfield code="b">ill.</subfield></datafield><datafield ind1=" " ind2=" " tag="310"><subfield code="a">Weekly</subfield></datafield><datafield ind1="0" ind2=" " tag="362"><subfield code="a">Vol. 1, no. 1 (Dec. 21, 1923)-v. 3, no. 6 (Jan. 21, 1926).</subfield></datafield><datafield ind1=" " ind2=" " tag="752"><subfield code="a">United States</subfield><subfield code="b">Pennsylvania</subfield><subfield code="c">Westmoreland</subfield><subfield code="d">Scottdale.</subfield></datafield><datafield ind1="0" ind2="4" tag="780"><subfield code="t">Scottdale observer</subfield></datafield><datafield ind1="0" ind2="4" tag="780"><subfield code="t">Scottdale news</subfield><subfield code="w">(DLC)sn 86081686</subfield></datafield><datafield ind1="0" ind2="7" tag="785"><subfield code="t">Scottdale independent</subfield><subfield code="w">(DLC)sn 86081682</subfield></datafield><datafield ind1="0" ind2="7" tag="785"><subfield code="t">Independent-observer (Scottdale, Pa.)</subfield><subfield code="w">(DLC)sn 86081548</subfield></datafield></record>